 @online{vm_redhat,
  title = {What is a virtual machine (VM)?},
  url = {https://www.redhat.com/en/topics/virtualization/what-is-a-virtual-machine},
  journal = {Red Hat - We make open source technologies for the enterprise}
}

 @online{pentest,
  title = {What is Penetration Testing: Step-by-step process and Methods: Imperva},
  url = {https://www.imperva.com/learn/application-security/penetration-testing},
  journal = {Learning Center},
  year = {2019},
  month = {Dec}
}

 @online{python.org,
  title={What is python? Executive summary},
  url={https://www.python.org/doc/essays/blurb/},
  journal={Python.org}}

 @online{yaml_redhat,
    title={What is YAML?},
    url={https://www.redhat.com/en/topics/automation/what-is-yaml},
    journal={Red Hat - We make open source technologies for the enterprise}}
